<?xml version="1.0" encoding="UTF-8"?><collection xmlns="http://www.loc.gov/MARC21/slim"><record><leader>00406nam--2200145-i-4500</leader><controlfield tag="001">000005219</controlfield><controlfield tag="002">20161230</controlfield><controlfield tag="005">20170225101234</controlfield><controlfield tag="008">060222s1000------------r-----000-0-eng-d</controlfield><datafield ind1=" " ind2=" " tag="100"><subfield code="a">Carvalho, Herculano A., De</subfield></datafield><datafield ind1=" " ind2=" " tag="245"><subfield code="a">O uranio nas cinzas das antracites portuguesas</subfield></datafield><datafield ind1=" " ind2=" " tag="260"><subfield code="a">Lisboa</subfield><subfield code="b">Instituto Superior Tecnico</subfield><subfield code="c">1960</subfield></datafield><datafield ind1=" " ind2=" " tag="300"><subfield code="a">2 p</subfield></datafield><datafield ind1=" " ind2=" " tag="700"><subfield code="a">Legrand De Morua, M</subfield></datafield><datafield ind1=" " ind2=" " tag="CAT"><subfield code="a">SYS</subfield><subfield code="c">20170225</subfield><subfield code="h">101234</subfield></datafield></record></collection>